<record><leader>00000cas a22000007a 4500</leader><controlfield tag="001">10887262</controlfield><controlfield tag="008">840626d18591862iauwr ne      0    0eng d</controlfield><controlfield tag="009">3781</controlfield><datafield ind1=" " ind2=" " tag="010"><subfield code="a">sn 84027131 </subfield></datafield><datafield ind1=" " ind2=" " tag="040"><subfield code="a">NPU</subfield><subfield code="b">eng</subfield><subfield code="c">NPU</subfield><subfield code="d">NPX</subfield><subfield code="d">INP</subfield><subfield code="d">NPX</subfield><subfield code="d">NPH</subfield><subfield code="d">OCL</subfield><subfield code="d">DLC</subfield><subfield code="d">INP</subfield><subfield code="d">NVF</subfield><subfield code="d">OCLCQ</subfield></datafield><datafield ind1=" " ind2=" " tag="019"><subfield code="a">11746795</subfield></datafield><datafield ind1="1" ind2=" " tag="029"><subfield code="a">AU@</subfield><subfield code="b">000025787573</subfield></datafield><datafield ind1=" " ind2=" " tag="042"><subfield code="a">msc</subfield></datafield><datafield ind1="0" ind2="0" tag="050"><subfield code="a">Newspaper 7768-X</subfield></datafield><datafield ind1="0" ind2=" " tag="130"><subfield code="a">Dubuque herald (Dubuque, Iowa : 1859 : Weekly)</subfield></datafield><datafield ind1="0" ind2="4" tag="245"><subfield code="a">The Dubuque herald.</subfield></datafield><datafield ind1="1" ind2="3" tag="246"><subfield code="a">Express &amp; herald</subfield></datafield><datafield ind1="3" ind2="0" tag="246"><subfield code="a">Express and herald</subfield></datafield><datafield ind1=" " ind2=" " tag="260"><subfield code="a">Dubuque [Iowa] :</subfield><subfield code="b">J.B. Dorr &amp; Co.,</subfield><subfield code="c">1859-</subfield></datafield><datafield ind1=" " ind2=" " tag="300"><subfield code="a">v. :</subfield><subfield code="b">ill. ;</subfield><subfield code="c">52-74 cm.</subfield></datafield><datafield ind1=" " ind2=" " tag="310"><subfield code="a">Weekly</subfield></datafield><datafield ind1="0" ind2=" " tag="362"><subfield code="a">Vol. 18, no. 28 (July 13, 1859)-</subfield></datafield><datafield ind1=" " ind2=" " tag="500"><subfield code="a">Ceased between May 7 and July 9, 1862.</subfield></datafield><datafield ind1=" " ind2=" " tag="500"><subfield code="a">Published on Wednesday.</subfield></datafield><datafield ind1=" " ind2=" " tag="500"><subfield code="a">Publishers: Mahony &amp; Keesacker, 1860; D.A. Mahony, 1860; D.A. Mahony &amp; Co., 1860-&lt;1861&gt;.</subfield></datafield><datafield ind1=" " ind2=" " tag="500"><subfield code="a">Mar. 28, 1860 issue contains full-page illustration of "Iowa railroad system."</subfield></datafield><datafield ind1=" " ind2=" " tag="500"><subfield code="a">"Democratic."</subfield></datafield><datafield ind1=" " ind2=" " tag="500"><subfield code="a">Editor: D.A. Mahony, 1860-&lt;1861&gt;.</subfield></datafield><datafield ind1=" " ind2=" " tag="580"><subfield code="a">Semiweekly ed.: Dubuque twice-a-week herald, 1861-&lt;&gt;.</subfield></datafield><datafield ind1=" " ind2=" " tag="752"><subfield code="a">United States</subfield><subfield code="b">Iowa</subfield><subfield code="c">Dubuque</subfield><subfield code="d">Dubuque.</subfield></datafield><datafield ind1="0" ind2=" " tag="775"><subfield code="t">Dubuque herald (Dubuque, Iowa : 1859 : Daily)</subfield><subfield code="w">(DLC)sn 82015846</subfield></datafield><datafield ind1="1" ind2=" " tag="775"><subfield code="t">Dubuque twice-a-week herald</subfield><subfield code="w">(DLC)sn 95066051</subfield></datafield><datafield ind1="0" ind2="0" tag="780"><subfield code="t">Weekly express and herald (Dubuque, Iowa : 1856)</subfield><subfield code="w">(DLC)sn 85025463</subfield></datafield><datafield ind1="0" ind2="0" tag="785"><subfield code="t">Dubuque weekly herald (Dubuque, Iowa : 1862)</subfield><subfield code="w">(DLC)sn 86061141</subfield></datafield></record>